@BOOK{ierusalimschy2006,
	AUTHOR = "Roberto Ierusalimschy",
	TITLE = "Programming in Lua",
	EDITION = {2nd},
	PUBLISHER = {Lua.org},
	YEAR = {2006},
	ISBN13 = {9788590379829}
}

@MASTERSTHESIS{deboer2006,
       AUTHOR = "M. S. de Boer",
       TITLE = "Praktische Bewijzen in Public Announcement Logica",
       SCHOOL = "University of Groningen",
       YEAR = "2006"}

@BOOK{fitting1999,
	AUTHOR = "M. Fitting and R.L. Mendelsohn",
	TITLE = "First-Order Modal Logic",
	VOLUME = "277",
	SERIES = "Synthese Library",
	PUBLISHER = "Kluwer Academic Publishers",
	YEAR = 1999}

@Article{beckert1997,
	author = {B. Beckert and R. Gore},
	title = {Free variable tableaux for propositional modal logics},
	journal = {Automated Reasoning With Analytic Tableaux Related Methods},
	volume = {1227},
	pages = {91--106},
	year = {1997},
	entrydate = {2007/10/21},
	abstract = {},
}

@ARTICLE{heuerding1996,
	AUTHOR = "Alan Heuerding and Gerhard J{\"a}ger and Stefan Schwendimann and Michael Seyfried",
	TITLE = "The Logics Workbench {LWB}: A Snapshot",
	YEAR = {1996},
	JOURNAL = "Euromath Bulletin",
	VOLUME  = {2},
	NUMBER  = {1},
	PAGES   = {177-186}}

@BOOK{meyer2004,
	AUTHOR = "W. van der Hoek and J.-J. Ch. Meyer",
	TITLE = "Epistemic Logic for AI and Computer Science",
	YEAR = {2004},
	PUBLISHER = "Cambridge University Press"
}

@article{lamport1982,
	author = {Leslie Lamport and Robert Shostak and Marshall Pease},
	title = {The Byzantine Generals Problem},
	journal = {ACM Trans. Program. Lang. Syst.},
	volume = {4},
	number = {3},
	year = {1982},
	issn = {0164-0925},
	pages = {382--401},
	doi = {http://doi.acm.org/10.1145/357172.357176},
	publisher = {ACM Press},
	address = {New York, NY, USA},
}

@article{pease1982,
	author = {M. Pease and R. Shostak and L. Lamport},
	title = {Reaching Agreement in the Presence of Faults},
	journal = {J. ACM},
	volume = {27},
	number = {2},
	year = {1980},
	issn = {0004-5411},
	pages = {228--234},
	doi = {http://doi.acm.org/10.1145/322186.322188},
	publisher = {ACM Press},
	address = {New York, NY, USA},
}

@unpublished{valkenhoef2008,
	author = {Gert van Valkenhoef},
	title = {Elaborations on {OOPS} -- project report},
	year = {2008},
	month = {june},
	note = {http://www.ai.rug.nl/\~{}valkenhoef/oops/elaborations.pdf}
}

@unpublished{vaart2007,
	author = {Elske van der Vaart and Gert van Valkenhoef},
	title = {{OOPS}: An Automated Proof Tool for {${\bf S5}_{(n)}$}},
	note = {http://www.ai.rug.nl/\~{}valkenhoef/oops/report.pdf},
	year = {2007},
	month = {may}
}

@Book{russell2003, 
   AUTHOR = {Stuart Russell and Peter Norvig},
   TITLE = {Artificial Intelligence: A Modern Approach},
   PUBLISHER = {Prentice-Hall, Englewood Cliffs, NJ},
   YEAR = {2003},
   EDITION = {2nd edition}
}

@Article{patel-schneider2003,
  author = {P. F. Patel-Schneider and R. Sebastiani},
  title = {New general method to generate random modal formulae for
     testing decision procedures},
  journal = {J. Artificial Intelligence Research},
  volume = {18},
  pages = {351--389},
  year = {2003},
  entrydate = {2007/10/21},
  abstract = {},
}

@article{halpern1992,
	author={Joseph Y. Halpern and Yoram Moses},
	title={A guide to completeness and complexity for modal logics of knowledge and belief},
	journal={Artificial Intelligence},
	volume={54},
	issue={3},
	month={April},
	year={1992},
	pages={319-379},
	comment={http://www.sciencedirect.com/science/article/B6TYF-4811T01-3M/2/6501bfec45f19bed9b3e9358e7160cbf}
}

@BOOK{gamma1994,
	author={Erich Gamma and Richard Helm and Ralph Johnson and John M. Vlissides},
	title={Design Patterns: Elements of Reusable Object-Oriented Software},
	series={Addison-Wesley Professional Computing Series},
	publisher={Addison-Wesley Professional},
	year={1994},
	month={November}
}

@ARTICLE{miyadera1998,
	author={Youzou Miyadera and Koushi Anzai and Hiroshi Unno and Takeo Yaku},
	title={Depth-first layout algorithm for trees},
	journal={Information Processing Letters},
	volume={66},
	issue={4},
	month={May},
	year={1998},
	pages={187-194},
	comment={http://www.sciencedirect.com/science/article/B6V0F-3VY6292-5/2/e22f9ffabafffee69794d71c6a105896}
}

@Book{papadimitriou1994,
	AUTHOR = {Christos H. Papadimitriou},
	TITLE = {Computational Complexity},
	PUBLISHER = {Addison Wesley},
	YEAR = {1994},
	EDITION = {1st edition}
}

@BOOK{verbrugge1993,
	author={Larina Christina Verbrugge},
	title={Efficient Metamathematics},
	year={1993},
	series={ILLC dissertation series},
	publisher={S.I.: s.n.},
	comment={Proefschrift Universiteit van Amsterdam}
}

@BOOK{hajek1993,
	author={Petr H{\'a}jek and Pavel Pudl{\'a}k},
	title={Metamathematics of first-order arithmetic},
	year={1993},
	publisher={Springer-Verlag},
	series={Perspectives in mathematical logic},
}

@BOOK{balcazar1988,
	author={Jos{\'e} Luis Balc{\'a}zar and Josep Diaz and Joaquim Gabarro},
	title={Structural complexity I},
	year={1988},
	publisher={Springer-Verlag},
	series={EATCS monographs on theoretical computer science}
}

@BOOK{buss1986,
	author={Samuel R. Buss},
	title={Bounded Arithmetic},
	year={1986},
	publisher={Bibliopolis},
	series={Studies in proof theory, Lecture notes},
}

@BOOK{doets1994,
	author={Kees Doets},
	title={From logic to logic programming},
	year={1994},
	publisher={MIT Press},
	series={Foundations of computing}
}

@BOOK{gosling1996,
	author={Gosling, James and Joy, Bill and Steele, Guy L.},
	title={The Java language specification},
	year={1996},
	publisher={Addison-Wesley},
	series={Java Series}
}

@BOOK{gosling2005,
	author={Gosling, James and Joy, Bill and Steele, Guy L. and Bracha, Gilad},
	title={The Java Language Specification},
	edition={third},
	year={2005},
	publisher={Prentice Hall PTR},
	series={The Java Series}
}

@BOOK{horstmann2004,
	author={Horstmann, Cay S. and Cornell, Gary},
	title={Core Java(TM) 2, Volume I -- Fundamentals},
	edition={7th},
	year={2004},
	publisher={Prentice Hall PTR},
	series={Core Series}
}

@BOOK{horstmann2007,
	author={Horstmann, Cay S. and Cornell, Gary},
	title={Core Java(TM) 2, Volume I -- Fundamentals},
	edition={8th},
	year={2007},
	publisher={Prentice Hall PTR},
	series={Object Technology}
}

@mastersthesis{gagnon1998,
	author={Gagnon, {\'E}tienne},
	title={SableCC, an Object-Oriented Compiler Framework},
	school={School of Computer Science, McGill University},
	address={Montreal, Quebec, Canada},
	year={1998},
	month={march}
}

@inproceedings{lotrec2005,
 author={Gasguet, O. and Herzig, A. and Longin, D. and Sahade, M.},
 title={{LoTReC: Logical Tableaux Research Engineering Companion}},
 booktitle={TABLEAUX 2005},
 year={2005},
 editor={Beckert, B},
 pages={318-322},
 publisher={Springer-Verlag}
}

@article{twb2009,
	author={Abate, P. and Gor{\'e}, R.},
	title={The {Tableau Workbench}},
	journal={Electronic Notes in Theoretical Computer Science},
	volume={231},
	year={2009},
	pages={55-67},
	publisher={Elsevier}
}

@inproceedings{mspass2000,
	author={Hustadt, U. and Schmidt, R.},
	title={{MSPASS}: Modal reasoning by translation and first-order resolution},
	booktitle={TABLEAUX 2000},
	year={2000},
	editor={Dyckhoff, R.},
	pages={67-71},
	publisher={Springer}
}

@inproceedings{fact1998,
	author={Horrocks, I.},
	title={The {FaCT} system},
	booktitle={TABLEAUX 1998},
	year={1998},
	editor={de Swart, H},
 	pages={307-313},
 	publisher={Springer}
}

